@article{benczur-karger-mincut, 
    title = "Appoximating $s-t$ Minimum Cuts in ${O}(n^2)$",
    author = "A. Benczur and D. Karger",   
    year = "1996"
}
@article{spielman-teng-spectralsparse,
    title = "Spectral Sparisfication of Graphs",
    author = "D. Spielman and S. Teng" ,
    year = "2010"
}
@article{spielman-effective-resistance,
    title = "Graph Sparsification by Effective Resistances",
    author = "D. Spielman and N. Srivastava",
    year = "2009"
}
@misc{wisc-effective-resistance,
  author = {Shuchi Chawla},
  institution = {Wisconsin University},
  howpublished = {University Lecture},
  year = {2009},
  title = {Random walks and markov chains}
}
@misc{effective-resistance-book, 
   author = "Wendy Ellens",
   title = "Effective Resistance",
   year = "2011",
   howpublished = "Master's thesis"
}
@article{microsoft-summary, 
    author = "Joshua Batson and Daniel Spielman and Nikhil Srivastava and Shang-Hua Teng",
    title = "Spectral Sparsification of Graphs: Theory and Algorithms",
    year = "2013"
}
@article{hitting-commute-time,
    title = "Hitting and commute times in large graphs are often misleading",
    author = "Ulrike von Luxburg and Agnes Radl and Matthias Hein",
    year = "2011"
}
@article{cheeger,
    author = "Fan Chung",
    title = "Four proofs for the Cheeger inequality and graph partition algorithms",
    Year = "2007"
}